%% This BibTeX bibliography file was created using BibDesk.
%% http://bibdesk.sourceforge.net/


%% Created for Stephen Webb at 2018-08-01 09:47:37 -0600 


%% Saved with string encoding Unicode (UTF-8) 



@article{lindstrom_etal:2018,
	Author = {Lindstr\o{}m, C. A. and Adli, E. and Allen, J. M. and An, W. and Beekman, C. and Clarke, C. I. and Clayton, C. E. and Corde, S. and Doche, A. and Frederico, J. and Gessner, S. J. and Green, S. Z. and Hogan, M. J. and Joshi, C. and Litos, M. and Lu, W. and Marsh, K. A. and Mori, W. B. and O'Shea, B. D. and Vafaei-Najafabadi, N. and Yakimenko, V.},
	Date-Added = {2018-08-01 09:47:24 -0600},
	Date-Modified = {2018-08-01 09:47:24 -0600},
	Doi = {10.1103/PhysRevLett.120.124802},
	Issue = {12},
	Journal = {Phys. Rev. Lett.},
	Month = {Mar},
	Numpages = {5},
	Pages = {124802},
	Publisher = {American Physical Society},
	Title = {Measurement of Transverse Wakefields Induced by a Misaligned Positron Bunch in a Hollow Channel Plasma Accelerator},
	Url = {https://link.aps.org/doi/10.1103/PhysRevLett.120.124802},
	Volume = {120},
	Year = {2018},
	Bdsk-Url-1 = {https://link.aps.org/doi/10.1103/PhysRevLett.120.124802},
	Bdsk-Url-2 = {https://doi.org/10.1103/PhysRevLett.120.124802}}

@article{schroeder_whittum_wurtele:1999,
	Author = {C. B. Schroeder and D. H. Wittum and J. S. Wurtele},
	Date-Added = {2018-08-01 15:38:56 +0000},
	Date-Modified = {2018-08-01 15:38:56 +0000},
	Doi = {https://doi.org/10.1103/PhysRevLett.82.1177},
	Journal = {{Phys. Rev. Lett.}},
	Number = {1177},
	Title = {{Multimode Analysis of the Hollow Plasma Channel Wakefield Accelerator}},
	Volume = {82},
	Year = {1999},
	Bdsk-Url-1 = {https://doi.org/10.1103/PhysRevLett.82.1177}}

@article{lehe_etal:15,
	Author = {R. Lehe and M. Kirchen and I. A. Andriyash and B. B. Godfrey and J.-L. Vay},
	Date-Added = {2018-08-01 15:38:49 +0000},
	Date-Modified = {2018-08-01 15:38:49 +0000},
	Journal = {Comp. Phys. Comm.},
	Keywords = {PIC},
	Pages = {66-82},
	Title = {{A spectral, quasi-cylindrical and dispersion-free Particle-In-Cell algorithm}},
	Volume = {203},
	Year = {2015}}
